<?xml version="1.0" encoding="UTF-8"?><collection xmlns="http://www.loc.gov/MARC21/slim"><record><leader>00359nam--2200133-i-4500</leader><controlfield tag="001">000032653</controlfield><controlfield tag="002">20161230</controlfield><controlfield tag="005">20161230201039</controlfield><controlfield tag="008">060222s1000------------r-----000-0-eng-d</controlfield><datafield ind1=" " ind2=" " tag="080"><subfield code="a">517:518.1:681.3.06</subfield></datafield><datafield ind1=" " ind2=" " tag="245"><subfield code="a">Modern computing methods</subfield></datafield><datafield ind1=" " ind2=" " tag="260"><subfield code="a">London, Her Majesty`S Stationaru Off., 1960, Vi + 128p</subfield></datafield><datafield ind1=" " ind2=" " tag="490"><subfield code="a">Notes On Applied Science</subfield></datafield><datafield ind1=" " ind2=" " tag="852"><subfield code="a">10555</subfield></datafield></record></collection>